@book{held:down,
  author      = {Held, Gil},
  title       = {{Data over Wireless Networks}},
  year        = {2001},
  pages       = {105--111},
  numpages    = {7},
  publisher   = {Wiley},
}

@inproceedings{thesms,
  author      = {Brown, Jeff and Shipman, Bill and Vetter, Ron},
  title       = {{SMS: The Short Message Service}},
  booktitle   = {Computer},
  year        = {2007},
  location    = {University of North Carolina Wilmington},
  pages       = {106--110},
  numpages    = {5},
  publisher   = {IEEE Computer Society},
}

@inproceedings{tutgsm,
  author      = {Peersman, G. and Griffiths, P. and Spear, H. and Cvetkovic, S. and Smythe, C.},
  title       = {{A tutorial overview of the short message service within GSM}},
  booktitle   = {{Computing \& Control Engineering Journal}},
  year        = {2000},
  location    = {University of North Carolina Wilmington},
  pages       = {79--89},
  numpages    = {11},
  publisher   = {IET},
}

@misc{wikipedia:smsgsm,
	author      = {{Wikipedia}},
	title       = {{Short message service technical realisation (GSM)}},
	url         = {http://en.wikipedia.org/wiki/Short_message_service_technical_realisation_(GSM)},
	year        = {2011},
	note        = {Abruf am 21.07.2012}
}

@misc{wikipedia:sms,
	author		= {{Wikipedia}},
	title 		= {{Short Message Service}},
	url 		= {http://de.wikipedia.org/wiki/Short_Message_Service},
	year		= {2012},
	note		= {{Abruf am 28.09.2012}}

}

@misc{rcs:spec,
	author			= {{GSM Association}},
	title			= {{Rich Communication Suite 5.0 Advanced Communications: Services and Client Specification}},
	year			= {2012},
}

@misc{rcs:cpm,
	author			= {{GSM Association}},
	title			= {{Rich Communication Suite 5.0: Endorsement of OMA CPM 1.0 Conversation Functions}},
	year			= {2012},
}

@misc{oma:cpm,
	author			= {{Open Mobile Alliance}},
	title				= {{CPM Conversation Functions: Candidate Version 1.0}},
	year				= {2010},
}

@misc{3gpp:map,
	author 	= {{3rd Generation Partnership Project}},
	title 	= {{Mobile Application Part (MAP) specification}},
	url 	= {http://www.3gpp.org/ftp/Specs/html-info/29002.htm}
}

@misc{3gpp:techrel,
	author 	= {{3rd Generation Partnership Project}},
	title 	= {{Technical realization of the Short Message Service (SMS)}},
	url 	= {http://www.3gpp.org/ftp/Specs/html-info/23040.htm}
}

@misc{3gpp:smpp,
	author 	= {{3rd Generation Partnership Project}},
	title 	= {{Point-to-Point (PP) Short Message Service (SMS) support on mobile radio interface}},
	url 	= {http://www.3gpp.org/ftp/Specs/html-info/24011.htm}
}

@misc{rcs,
    author  = {GSM Association (GSMA)},
    title   = {Rich Communication Suite (RCS, RCSE, VoLTE)},
    url     = {http://www.richcommunicationsuite.com}
}

@misc{joyn,
    author  = {GSM Association (GSMA)},
    title   = {Joyn},
    url     = {http://www.joynus.com}
}

@misc{gsma,
    title   = {GSM Association (GSMA)},
    url     = {http://www.gsmworld.com}
}

@misc{stern,
    author  = {stern.de},
    title   = {Vodafone und Telekom starten SMS-Nachfolger Joyn: Der Kampf gegen Whatsapp},
    url     =
    {http://www.stern.de/digital/telefon/vodafone-und-telekom-starten-sms-nachfolger-joyn-der-kampf-gegen-whatsapp-1887338.html},
    note    = {Abgerufen am 28.09.2012}
}
